@article(Raatikainen-1993,
	author = "Raatikainen, K.~E.~E.",
	title = " Sequential Procedure for Simultaneous Estimation of Several Means",
	journal = "ACM Transactions on Modeling and Computer Simulation",
	volume = 3,
	pages = {108--133},
	year = 1993,
)

@book(Kleijnen-1987,
	author = "Kleijnen, J.~P.~C.",
	title = " Statistical Tools for Simulation Practitioners",
	publisher = "Marcel Dekker, Inc.",
	address = "New York",
	year = 1987)

@book(Law-Kelton-1991,
	author = "Law, A.~ M. and Kelton, W.~ D.",
	title = "Simulation Modeling \& Analysis",
	publisher = "McGraw-Hill",
	address = "New York",
	year = 1991,
	edition = "2nd")

@inproceedings(Raatikainen-1994a,
	author = "Raatikainen, K.~E.~E.",
	editor = "O. Martikainen and J. Harju",
	title = "Database Access in Intelligent Networks",
	booktitle = "Proceedings of IFIP TC6 Workshop on Intelligent Networks",
	pages = {163--183},
	publisher = "Lappeenranta University of Technology",
	address = "Lappeenranta",
	year = "1994",
)

@techreport(Raatikainen-1994b,
	author = "Raatikainen, K.~E.~E.",
	title = "Information Aspects of Services and Service Features in Intelligent Network Capability Set 1",
	type = "Report",
	number = "C-1994-45",
	institution = "Department of Computer Science, University of Helsinki",
	address = "Helsinki",
	year = "1994",
)


@incollection(mowgli-overview,
	author = "Kojo, M. and Raatikainen, K. and Alanko, T.",
	title = "Connecting Mobile Workstations to the Internet over a Digital Cellular Telephone Network",
	booktitle = "Mobile Computing",
	editor = "Imieli{\'n}ski, T. and Korth, H.~F.",
	pages = {201--255},
	publisher = "Kluwer",
	address = "Boston",
	year = "1996",
)
